@article{Sorensen2006,
author = {SÃ¸rensen, R. and Zinko, U. and Seibert, J.},
doi = {10.5194/hess-10-101-2006},
file = {:C$\backslash$:/Users/dlaroche/AppData/Local/Mendeley Ltd./Mendeley Desktop/Downloaded/S{\o}rensen, Zinko, Seibert - 2006 - On the calculation of the topographic wetness index evaluation of different methods based on field obs.pdf:pdf},
issn = {1607-7938},
journal = {Hydrology and Earth System Sciences},
language = {English},
month = {feb},
number = {1},
pages = {101--112},
publisher = {Copernicus GmbH},
title = {{On the calculation of the topographic wetness index: evaluation of different methods based on field observations}},
url = {http://www.hydrol-earth-syst-sci.net/10/101/2006/hess-10-101-2006.html},
volume = {10},
year = {2006}
}
